
    <record>
        <leader>00000nz  a2200169   4500</leader>
        <controlfield tag="001">30002050</controlfield>
        <controlfield tag="003">RISM</controlfield>
        <controlfield tag="005">20160216</controlfield>
        <controlfield tag="008">160216n||az|||||||##########||||||||||||</controlfield>
        <datafield tag="040" ind1=" " ind2=" ">
            <subfield code="a">NZ-Au</subfield>
        </datafield>
        <datafield tag="043" ind1=" " ind2=" ">
            <subfield code="c">XE-NZ</subfield>
        </datafield>
        <datafield tag="110" ind1="2" ind2=" ">
            <subfield code="a">The University of Auckland Library &lt;Auckland&gt;</subfield>
            <subfield code="c">Auckland</subfield>
            <subfield code="g">NZ-Au</subfield>
        </datafield>
        <datafield tag="410" ind1="2" ind2=" ">
            <subfield code="a">University of Auckland Music Library, Conservatorium of Music</subfield>
        </datafield>
        <datafield tag="410" ind1="2" ind2=" ">
            <subfield code="a">University Library</subfield>
        </datafield>
        <datafield tag="410" ind1="2" ind2=" ">
            <subfield code="a">University College Library</subfield>
        </datafield>
        <datafield tag="622" ind1=" " ind2=" ">
            <subfield code="e">University of Auckland, Library, postal address: Private Bag, Auckland, Neuseeland</subfield>
            <subfield code="u">http://www.library.auckland.ac.nz</subfield>
        </datafield>
    </record>