
    <record>
        <leader>00000nz  a2200169   4500</leader>
        <controlfield tag="001">30005761</controlfield>
        <controlfield tag="003">RISM</controlfield>
        <controlfield tag="005">20160216</controlfield>
        <controlfield tag="008">160216n||az|||||||##########||||||||||||</controlfield>
        <datafield tag="040" ind1=" " ind2=" ">
            <subfield code="a">NZ-Aumu</subfield>
        </datafield>
        <datafield tag="043" ind1=" " ind2=" ">
            <subfield code="c">XE-NZ</subfield>
        </datafield>
        <datafield tag="110" ind1="2" ind2=" ">
            <subfield code="a">University of Auckland, Music Library</subfield>
            <subfield code="c">Auckland</subfield>
            <subfield code="g">NZ-Aumu</subfield>
        </datafield>
        <datafield tag="410" ind1="2" ind2=" ">
            <subfield code="a">University of Auckland Music Library, Conservatorium of Music</subfield>
        </datafield>
        <datafield tag="622" ind1=" " ind2=" ">
            <subfield code="e">University of Auckland, Music Library, Auckland, Neuseeland</subfield>
        </datafield>
    </record>