
    <record>
        <leader>00000nz  a2200169   4500</leader>
        <controlfield tag="001">30004476</controlfield>
        <controlfield tag="003">RISM</controlfield>
        <controlfield tag="005">20160216</controlfield>
        <controlfield tag="008">160216n||az|||||||##########||||||||||||</controlfield>
        <datafield tag="040" ind1=" " ind2=" ">
            <subfield code="a">NZ-Cu</subfield>
        </datafield>
        <datafield tag="043" ind1=" " ind2=" ">
            <subfield code="c">XE-NZ</subfield>
        </datafield>
        <datafield tag="110" ind1="2" ind2=" ">
            <subfield code="a">University of Canterbury Library &lt;Christchurch&gt;</subfield>
            <subfield code="c">Christchurch</subfield>
            <subfield code="g">NZ-Cu</subfield>
        </datafield>
        <datafield tag="622" ind1=" " ind2=" ">
            <subfield code="e">University of Canterbury Library, Privat Bag, Christchurch, Neuseeland</subfield>
            <subfield code="u">http://library.canterbury.ac.nz</subfield>
        </datafield>
    </record>