
    <record>
        <leader>00000nz  a2200169   4500</leader>
        <controlfield tag="001">30002051</controlfield>
        <controlfield tag="003">RISM</controlfield>
        <controlfield tag="005">20160216</controlfield>
        <controlfield tag="008">160216n||az|||||||##########||||||||||||</controlfield>
        <datafield tag="040" ind1=" " ind2=" ">
            <subfield code="a">NZ-Dp</subfield>
        </datafield>
        <datafield tag="043" ind1=" " ind2=" ">
            <subfield code="c">XE-NZ</subfield>
        </datafield>
        <datafield tag="110" ind1="2" ind2=" ">
            <subfield code="a">Dunedin Public Library &lt;Dunedin&gt;</subfield>
            <subfield code="c">Dunedin</subfield>
            <subfield code="g">NZ-Dp</subfield>
        </datafield>
        <datafield tag="410" ind1="2" ind2=" ">
            <subfield code="a">Public Library</subfield>
        </datafield>
        <datafield tag="410" ind1="2" ind2=" ">
            <subfield code="a">The Dunedin Public Library</subfield>
        </datafield>
        <datafield tag="622" ind1=" " ind2=" ">
            <subfield code="e">Dunedin Public Library, Dunedin, Neuseeland</subfield>
            <subfield code="u">http://www.dunedinlibraries.com</subfield>
        </datafield>
    </record>