
    <record>
        <leader>00000nz  a2200169   4500</leader>
        <controlfield tag="001">30004477</controlfield>
        <controlfield tag="003">RISM</controlfield>
        <controlfield tag="005">20160216</controlfield>
        <controlfield tag="008">160216n||az|||||||##########||||||||||||</controlfield>
        <datafield tag="040" ind1=" " ind2=" ">
            <subfield code="a">NZ-Du</subfield>
        </datafield>
        <datafield tag="043" ind1=" " ind2=" ">
            <subfield code="c">XE-NZ</subfield>
        </datafield>
        <datafield tag="110" ind1="2" ind2=" ">
            <subfield code="a">University of Otago Library &lt;Dunedin&gt;</subfield>
            <subfield code="c">Dunedin</subfield>
            <subfield code="g">NZ-Du</subfield>
        </datafield>
        <datafield tag="622" ind1=" " ind2=" ">
            <subfield code="e">University of Otago Library, P. O. Box 56, Dunedin, Neuseeland</subfield>
            <subfield code="u">http://www.library.otago.ac.nz</subfield>
        </datafield>
    </record>