
    <record>
        <leader>00000nz  a2200169   4500</leader>
        <controlfield tag="001">30005668</controlfield>
        <controlfield tag="003">RISM</controlfield>
        <controlfield tag="005">20160216</controlfield>
        <controlfield tag="008">160216n||az|||||||##########||||||||||||</controlfield>
        <datafield tag="040" ind1=" " ind2=" ">
            <subfield code="a">NZ-Wmc</subfield>
        </datafield>
        <datafield tag="043" ind1=" " ind2=" ">
            <subfield code="c">XE-NZ</subfield>
        </datafield>
        <datafield tag="110" ind1="2" ind2=" ">
            <subfield code="a">SOUNZ, Centre of New Zealand Music &lt;Wellington&gt;</subfield>
            <subfield code="c">Wellington</subfield>
            <subfield code="g">NZ-Wmc</subfield>
        </datafield>
        <datafield tag="410" ind1="2" ind2=" ">
            <subfield code="a">New Zealand Music Centre (SOUNZ New Zealand)</subfield>
        </datafield>
        <datafield tag="622" ind1=" " ind2=" ">
            <subfield code="e">New Zealand Music Centre (SOUNZ New, Zealand), NZ-Wellington, Neuseeland</subfield>
            <subfield code="u">http://www.sounz.org.nz</subfield>
        </datafield>
    </record>