
    <record>
        <leader>00000nz  a2200169   4500</leader>
        <controlfield tag="001">30004478</controlfield>
        <controlfield tag="003">RISM</controlfield>
        <controlfield tag="005">20160216</controlfield>
        <controlfield tag="008">160216n||az|||||||##########||||||||||||</controlfield>
        <datafield tag="040" ind1=" " ind2=" ">
            <subfield code="a">NZ-Wn</subfield>
        </datafield>
        <datafield tag="043" ind1=" " ind2=" ">
            <subfield code="c">XE-NZ</subfield>
        </datafield>
        <datafield tag="110" ind1="2" ind2=" ">
            <subfield code="a">National Library of New Zealand &lt;Wellington&gt;</subfield>
            <subfield code="c">Wellington</subfield>
            <subfield code="g">NZ-Wn</subfield>
        </datafield>
        <datafield tag="622" ind1=" " ind2=" ">
            <subfield code="e">National Library of New Zealand, Headquarters, Private Bag, Wellington, Neuseeland</subfield>
            <subfield code="u">http://www.natlib.govt.nz</subfield>
        </datafield>
    </record>