
    <record>
        <leader>00000nz  a2200169   4500</leader>
        <controlfield tag="001">30004480</controlfield>
        <controlfield tag="003">RISM</controlfield>
        <controlfield tag="005">20160216</controlfield>
        <controlfield tag="008">160216n||az|||||||##########||||||||||||</controlfield>
        <datafield tag="040" ind1=" " ind2=" ">
            <subfield code="a">NZ-Wu</subfield>
        </datafield>
        <datafield tag="043" ind1=" " ind2=" ">
            <subfield code="c">XE-NZ</subfield>
        </datafield>
        <datafield tag="110" ind1="2" ind2=" ">
            <subfield code="a">Victoria University of Wellington Library &lt;Wellington&gt;</subfield>
            <subfield code="c">Wellington</subfield>
            <subfield code="g">NZ-Wu</subfield>
        </datafield>
        <datafield tag="622" ind1=" " ind2=" ">
            <subfield code="e">Victoria University of Wellington, Library, Private Bag, Wellington, Neuseeland</subfield>
            <subfield code="u">http://www.vuw.ac.nz/library/</subfield>
        </datafield>
    </record>
</collection>

